@ARTICLE{clayton64,
   author = {{Clayton}, D.~D.},
    title = "{Cosmoradiogenic Chronologies of Nucleosynthesis.}",
  journal = {\apj},
     year = 1964,
    month = feb,
   volume = 139,
    pages = {637},
      doi = {10.1086/147791},
   adsurl = {http://adsabs.harvard.edu/abs/1964ApJ...139..637C},
  adsnote = {Provided by the SAO/NASA Astrophysics Data System}
}

@book{carroll2007,
  added-at = {2009-06-08T15:56:57.000+0200},
  author = {Carroll, Bradley W. and Ostlie, Dale A.},
  biburl = {https://www.bibsonomy.org/bibtex/2cd2d46d88b1408585d589f96be3ddeaa/ad4},
  edition = {2nd (International)},
  editor = {Addison-Wesley, San Francisco: Pearson},
  interhash = {f4d519a83c5bf19d9880161fef71326f},
  intrahash = {cd2d46d88b1408585d589f96be3ddeaa},
  keywords = {astrophysics},
  timestamp = {2009-06-08T15:56:57.000+0200},
  title = {{A}n {I}ntroduction to {M}odern {A}strophysics},
  year = 2007
}

@Book{iliadis2015,
 author = {Iliadis, Christian},
 title = {Nuclear physics of stars},
 publisher = {Wiley-VCH},
 year = {2015},
 address = {Weinheim, Germany},
 isbn = {3527336486}
 }

@ARTICLE{cote16a,
   author = {{C{\^o}t{\'e}}, B. and {Ritter}, C. and {O'Shea}, B.~W. and 
	{Herwig}, F. and {Pignatari}, M. and {Jones}, S. and {Fryer}, C.~L.
	},
    title = "{Uncertainties in Galactic Chemical Evolution Models}",
  journal = {\apj},
archivePrefix = "arXiv",
   eprint = {1509.06270},
 keywords = {Galaxy: abundances, Galaxy: evolution, stars: abundances},
     year = 2016,
    month = jun,
   volume = 824,
      eid = {82},
    pages = {82},
      doi = {10.3847/0004-637X/824/2/82},
   adsurl = {http://adsabs.harvard.edu/abs/2016ApJ...824...82C},
  adsnote = {Provided by the SAO/NASA Astrophysics Data System}
}

@ARTICLE{clayton64a,
   author = {{Clayton}, D.~D.},
    title = "{Cosmoradiogenic Chronologies of Nucleosynthesis.}",
  journal = {\apj},
     year = 1964,
    month = feb,
   volume = 139,
    pages = {637},
      doi = {10.1086/147791},
   adsurl = {http://adsabs.harvard.edu/abs/1964ApJ...139..637C},
  adsnote = {Provided by the SAO/NASA Astrophysics Data System}
}

@ARTICLE{guedes11e,
   author = {{Guedes}, J. and {Callegari}, S. and {Madau}, P. and {Mayer}, L.
	},
    title = "{Forming Realistic Late-type Spirals in a {$\Lambda$}CDM Universe: The Eris Simulation}",
  journal = {\apj},
archivePrefix = "arXiv",
   eprint = {1103.6030},
 keywords = {galaxies: formation},
     year = 2011,
    month = dec,
   volume = 742,
      eid = {76},
    pages = {76},
      doi = {10.1088/0004-637X/742/2/76},
   adsurl = {http://adsabs.harvard.edu/abs/2011ApJ...742...76G},
  adsnote = {Provided by the SAO/NASA Astrophysics Data System}
}

@ARTICLE{shen15,
   author = {{Shen}, S. and {Cooke}, R.~J. and {Ramirez-Ruiz}, E. and {Madau}, P. and 
	{Mayer}, L. and {Guedes}, J.},
    title = "{The History of R-Process Enrichment in the Milky Way}",
  journal = {\apj},
archivePrefix = "arXiv",
   eprint = {1407.3796},
 keywords = {Galaxy: abundances, Galaxy: evolution, methods: numerical, stars: abundances},
     year = 2015,
    month = jul,
   volume = 807,
      eid = {115},
    pages = {115},
      doi = {10.1088/0004-637X/807/2/115},
   adsurl = {http://adsabs.harvard.edu/abs/2015ApJ...807..115S},
  adsnote = {Provided by the SAO/NASA Astrophysics Data System}
}

@ARTICLE{mazzali07,
   author = {{Mazzali}, P.~A. and {R{\"o}pke}, F.~K. and {Benetti}, S. and 
	{Hillebrandt}, W.},
    title = "{A Common Explosion Mechanism for Type Ia Supernovae}",
  journal = {Science},
   eprint = {astro-ph/0702351},
     year = 2007,
    month = feb,
   volume = 315,
    pages = {825},
      doi = {10.1126/science.1136259},
   adsurl = {http://adsabs.harvard.edu/abs/2007Sci...315..825M},
  adsnote = {Provided by the SAO/NASA Astrophysics Data System}
}

@ARTICLE{nomoto84,
   author = {{Nomoto}, K. and {Thielemann}, F.-K. and {Yokoi}, K.},
    title = "{Accreting white dwarf models of Type I supernovae. III - Carbon deflagration supernovae}",
  journal = {\apj},
 keywords = {Carbon Stars, Deflagration, Nuclear Fusion, Stellar Mass Accretion, Supernovae, White Dwarf Stars, Hydrodynamics, Light Curve, Neutrinos, Stellar Composition, Stellar Models, Wave Propagation},
     year = 1984,
    month = nov,
   volume = 286,
    pages = {644-658},
      doi = {10.1086/162639},
   adsurl = {http://adsabs.harvard.edu/abs/1984ApJ...286..644N},
  adsnote = {Provided by the SAO/NASA Astrophysics Data System}
}

@ARTICLE{arnould07,
       author = {{Arnould}, M. and {Goriely}, S. and {Takahashi}, K.},
        title = "{The r-process of stellar nucleosynthesis: Astrophysics and nuclear
        physics achievements and mysteries}",
      journal = {\physrep},
     keywords = {Astrophysics},
         year = 2007,
        month = Sep,
       volume = {450},
        pages = {97-213},
          doi = {10.1016/j.physrep.2007.06.002},
       adsurl = {https://ui.adsabs.harvard.edu/#abs/2007PhR...450...97A},
      adsnote = {Provided by the SAO/NASA Astrophysics Data System}
}

@ARTICLE{monaghan92,
       author = {{Monaghan}, J.~J.},
        title = "{Smoothed particle hydrodynamics.}",
      journal = {Annual Review of Astronomy and Astrophysics},
     keywords = {Computational Fluid Dynamics, Finite Difference Theory, Hydrodynamics,
        Kernel Functions, Particle Energy, Particle Mass, Angular
        Momentum, Partial Differential Equations, Particle In Cell
        Technique, Pressure Gradients, Astrophysics},
         year = 1992,
        month = Jan,
       volume = {30},
        pages = {543-574},
          doi = {10.1146/annurev.aa.30.090192.002551},
       adsurl = {https://ui.adsabs.harvard.edu/#abs/1992ARA&A..30..543M},
      adsnote = {Provided by the SAO/NASA Astrophysics Data System}
}

@Misc{landolt93,
author="Palme, H.
and Beer, H.",
editor="Voigt, H. H.",
title="3.4.6 Classification of solar system materials: Datasheet from Landolt-B{\"o}rnstein - Group VI Astronomy and Astrophysics {\textperiodcentered} Volume 3A: ``Instruments, Methods, Solar System'' in SpringerMaterials",
publisher="Springer-Verlag Berlin Heidelberg",
year=1993,
note="Copyright 1993 Springer-Verlag Berlin Heidelberg",
note="Part of SpringerMaterials",
note="accessed 2018-04-16",
doi="\url{10.1007/10057790_57}",
url="\url{://materials.springer.com/lb/docs/sm_lbs_978-3-540-31380-9_57}"
}
